@article{
6295661,
author={Drawil, Nabil M. and Amar, Haitham M. and Basir, Otman A.},
journal={IEEE Transactions on Intelligent Transportation Systems},
title={GPS Localization Accuracy Classification: A Context-Based Approach},   year={2013},  volume={14},  number={1},
pages={262-273},
doi={10.1109/TITS.2012.2213815}
}
@article{Garmin,
  author = {garmin  },
  title = {How does GPS work},
   howpublished = {\url{https://www.garmin.com/en-US/aboutgps/}},
     note = {Accessed: 2022-6-6}
}

@article{GPS.gov,
  author = {GPS.gov  },
  title = {GPS Accuracy},
   howpublished = {\url {https://www.gps.gov/systems/gps/performance/accuracy/}},
     note = {Accessed: 2022-6-6}
}
@article{8886005,  author={Rizk, Hamada and Shokry, Ahmed and Youssef, Moustafa},  booktitle={2019 IEEE Wireless Communications and Networking Conference (WCNC)},   title={Effectiveness of Data Augmentation in Cellular-based Localization Using Deep Learning},   year={2019},  volume={},  number={},  pages={1-6},  doi={10.1109/WCNC.2019.8886005}}


@article{wifi,
author = {Li, Binghao and Quader, Ishrat and Dempster, Andrew},
year = {2008},
month = {06},
pages = {18-26},
title = {On outdoor positioning with Wi-Fi},
volume = {7},
journal = {Journal of Global Positioning Systems},
doi = {10.5081/jgps.7.1.18}
}

@incollection{Ying19,
author = {Julang Ying and Kaveh Pahlavan and Liyuan Xu},
title = {Using Smartphone Sensors for Localization in BAN},
booktitle = {Medical Internet of Things (m-IoT)},
publisher = {IntechOpen},
address = {Rijeka},
year = {2019},
editor = {Hamed Farhadi},
chapter = {6},
doi = {10.5772/intechopen.80472},
url = {https://doi.org/10.5772/intechopen.80472}
}
@ARTICLE{6062428,  author={Ibrahim, Mohamed and Youssef, Moustafa},  journal={IEEE Transactions on Vehicular Technology},   title={CellSense: An Accurate Energy-Efficient GSM Positioning System},   year={2012},  volume={61},  number={1},  pages={286-296},  doi={10.1109/TVT.2011.2173771}}

@misc{agmonitoring,
  author = {Alex Flitton},
  title = {GPS Vs Cellular Locating Technology},
   howpublished = {\url {https://www.agmonitoring.com/blog/industry-news/gps-vs-cellular-locating-technology}},
     note = {Accessed: 2022-6-6}
}
@article{wu,
author = {Wu, Chenshu and Yang, Zheng and Xu, Yu and Zhao, Yiyang and Liu, Yunhao},
year = {2015},
month = {01},
pages = {131-141},
title = {Human Mobility Enhances Global Positioning Accuracy for Mobile Phone Localization},
volume = {26},
journal = {Parallel and Distributed Systems, IEEE Transactions on},
doi = {10.1109/TPDS.2014.2308225}
}

@ARTICLE{amel,  author={Mohamed, Amel and Tharwat, Mohamed and Magdy, Mohamed and Abubakr, Tarek and Nasr, Omar and Youssef, Moustafa},  journal={IEEE Access},   title={DeepFeat: Robust Large-Scale Multi-Features Outdoor Localization in LTE Networks Using Deep Learning},   year={2022},  volume={10},  number={},  pages={3400-3414},  doi={10.1109/ACCESS.2022.3140292}}
